@String{ comment1 = {
% Mathematical Reviews - AMS Abbreviations
% http://www.ams.org/msnhtml/serials.pdf
% http://www.ams.org/tools

% List of Serials
%
%Applied Mathematics and Optimization. An International Journal with Applications to Stochastics. Springer, New York. ISSN 0095-4616.
%
%Automatica. A Journal of IFAC, the International Federation of Automatic Control. Pergamon, Oxford. ISSN 0005-1098.
% * Communications on Pure and Applied Mathematics
%Computer Physics Communications. An International Journal and Program Library for Computational Physics and Physical Chemistry. North-Holland, Amsterdam. ISSN 0010-4655.
%
%Doklady Akademii Nauk. Rossi\u{i}skaya Akademiya Nauk. Doklady Akademii Nauk. 
%MAIK ``Nauka/Interperiodika'', Moscow. (Physics section translated in Dokl. Phys.) ISSN 0869-5652.
%
%European Journal of Control. Hermes Sci. Publ., Paris. ISSN 0947-3580.
%
%IEEE -- Institute of Electrical and Electronics Engineers -- 
%IEEE Transactions on Automatic Control. IEEE, Piscataway, NJ. ISSN 0018-9286.
%IEEE Transactions on Image Processing. IEEE, Piscataway, NJ. ISSN 1057-7149.
%IEEE Transactions on Information Theory. IEEE, Piscataway, NJ. ISSN 0018-9448.
%IEEE Transactions on Signal Processing. IEEE, Piscataway, NJ. ISSN 1053-587X.
%
%IMHOTEP. Journal Africain de M´athematiques Pures et Appliqu´ees. African Journal of Pure and Applied Mathematics. IMHOTEP Afr. J. Pure Appl. Math., Orl´eans.
%
%International Journal of Control. Taylor & Francis, London. ISSN 0020-7179.
%
%Journal of Mathematical Analysis and Applications. Academic Press, Orlando, FL. ISSN 0022-247X.
%
%Journal of Differential Equations. Academic Press, Orlando, FL. ISSN 0022-0396.
%
%Journal of Functional Analysis. Academic Press, Orlando, FL. ISSN 0022-1236.
%
%Journal of Mathematical Physics. Amer. Inst. Phys., Melville, NY. ISSN 0022-2488.
%
%Mathematics of Control, Signals, and Systems. Springer, Godalming. ISSN 0932-4194.
%
%Memoirs of the American Mathematical Society. Amer. Math. Soc., Providence, RI. ISSN 0065-9266.
%
%
%SIAM Journal on Control. (Later became SIAM Journal on Control and Optimization).
%SIAM Journal on Control and Optimization. SIAM, Philadelphia, PA. ISSN 1095-7138.
%SIAM Review. SIAM, Philadelphia, PA. ISSN 1095-7200.
%
%Systems & Control Letters. North-Holland, Amsterdam. ISSN 0167-6911.
%
%Translations of Mathematical Monographs. Amer. Math. Soc., Providence, RI.
%
%* Zeitschrift f\"{u}r Wahrscheinlichkeits-Theorie und verwandte Gebiete. 
%
%List of Proceedings
%IFAC Proc. Ser. IFAC Proceedings Series. IFAC, Laxenburg.
%Proceedings of the American Mathematical Society. Amer. Math. Soc., Providence, RI. ISSN 0002-9939.
}}

@String{ comment2 = {
% Abbreviations
% <ABBREV>NMR Denotes not in Mathematical Reviews - AMS Abbreviations.
% ----- JOURNALS -----
}}

@String{ AMO = {{Appl. Math. Optim.}}}
@String{ AUTOM = {{Automatica J. IFAC}}}

@String{ COMMPAMNMR = {{Commun. Pure Appl. Math.}}}
@String{ COMPPHYS = {{Comput. Phys. Comm.}}}

@String{ DAN = {{Dokl. Akad. Nauk}}}
@String{ EJC = {{Eur. J. Control}}}

@String{ IEEEAC = {{IEEE Trans. Automat. Control}}}
@String{ IEEECTNMR = {{IEEE Trans. Circuit Theory}}}
@String{ IEEECSTNMR = {{IEEE Trans. Control Systems Tech.}}}
@String{ IEEEIP = {{IEEE Trans. Image Process.}}}
@String{ IEEEIT = {{IEEE Trans. Inform. Theory}}}
@String{ IEEEPAMINMR = {{IEEE Trans. Pattern Anal. Mach. Intell.}}}
@String{ IEEESP = {{IEEE Trans. Signal Process.}}}
@String{ IEEESMCNMR = {{IEEE Trans. Systems Man Cybernet.}}}

@String{ IMHOTEP = {{IMHOTEP J. Afr. Math. Pures Appl.}}}

@String{ IJC = {{Internat. J. Control}}}

@String{ JMAA = {{J. Math. Anal. Appl.}}}
@String{ JDE = {{J. Differential Equations}}}
@String{ JFA = {{J. Funct. Anal.}}}
@String{ JMP = {{J. Math. Phys.}}}
@String{ MCSS = {{Math. Control Signals Systems}}}

@String{ AMSM = {{Mem. Amer. Math. Soc.}}}

@String{ SIAMCNMR = {{SIAM J. Control}}}
@String{ SIAMCON = {{SIAM J. Control Optim.}}}
@String{ SIAMREV = {{SIAM Rev.}}}
@String{ SYSCON = {{Systems Control Lett.}}} 
@String{ AMSTRANSL = {{Transl. Math. Monogr.}}}

@String{ ZWVNMR = {{Z. Wahrsch. Verw. Gebiete}}}

@String{ comment3 = {
% Abbreviations
% <ABBREV>NMR Denotes not in Mathematical Reviews - AMS Abbreviations.
% ----- PROCEEDINGS -----
}}

@String{ PROCL = {{Proceedings of the}}}

@String{ ACC = {{American Control Conf.}}}}
@String{ CDC = {{IEEE Conf. on Decision and Control}}}
@String{ ICIP = {{IEEE Int. Conf. on Image Process.}}}
@String{ IFAC = {{IFAC Proc. Ser.}}}
@String{ AMSP = {{Proc. Amer. Math. Soc.}}}
@String{ IEEEP = {{Proc. of the IEEE}}}

@String{ comment4 = {
% Abbreviations
% <ABBREV>NMR Denotes not in Mathematical Reviews - AMS Abbreviations.
% ----- PUBLISHERS ---
}}


@String{ AMSP = {{American Mathematical Society}}}
@String{ ADIP = {{Addison-Wesley}}}
@String{ ARTP = {{Artech House}}}
@String{ BIRP = {{Birkh\"auser}}}
@String{ CAMP = {{Cambridge University Press}}}
@String{ CHIP = {{University of Chicago Press}}}
@String{ CRCP = {{CRC Press}}}
@String{ ELSP = {{Elsevier Science}}}
@String{ IEEP = {{IEEE Press}}}
@String{ MCGP = {{McGraw-Hill}}}
@String{ MITP = {{MIT University Press}}}
@String{ OXFP = {{Oxford University Press}}}
@String{ SPRP = {{Springer-Verlag}}}
@String{ WILP = {{John Wiley and Sons}}}
